@article{kang2008efficient,
  title={Efficient control of population structure in model organism association mapping},
  author={Kang, Hyun Min and Zaitlen, Noah A and Wade, Claire M and Kirby, Andrew and Heckerman, David and Daly, Mark J and Eskin, Eleazar},
  journal={Genetics},
  volume={178},
  number={3},
  pages={1709--1723},
  year={2008},
  publisher={Genetics Soc America}
}