@article{shah2014student,
  title={Student-t processes as alternatives to Gaussian processes},
  author={Shah, Amar and Wilson, Andrew Gordon and Ghahramani, Zoubin},
  journal={arXiv preprint arXiv:1402.4306},
  year={2014}
}

@inproceedings{yu2007robust,
  title={Robust multi-task learning with t-processes},
  author={Yu, Shipeng and Tresp, Volker and Yu, Kai},
  booktitle={Proceedings of the 24th international conference on Machine learning},
  pages={1103--1110},
  year={2007},
  organization={ACM}
}

@article{lippert2014greater,
  title={Greater power and computational efficiency for kernel-based association testing of sets of genetic variants},
  author={Lippert, Christoph and Xiang, Jing and Horta, Danilo and Widmer, Christian and Kadie, Carl and Heckerman, David and Listgarten, Jennifer},
  journal={Bioinformatics},
  pages={btu504},
  year={2014},
  publisher={Oxford Univ Press}
}

@inproceedings{salakhutdinov2003optimization,
  title={Optimization with EM and expectation-conjugate-gradient},
  author={Salakhutdinov, Ruslan and Roweis, Sam and Ghahramani, Zoubin},
  booktitle={ICML},
  pages={672--679},
  year={2003}
}

@article{furlotte2014quantifying,
  title={Quantifying the uncertainty in heritability},
  author={Furlotte, Nicholas A and Heckerman, David and Lippert, Christoph},
  journal={Journal of human genetics},
  volume={59},
  number={5},
  pages={269--275},
  year={2014},
  publisher={Nature Publishing Group}
}

@article{listgarten2012efficient,
    title={A powerful and efficient set test for genetic markers that handles confounding},
    author={Listgarten, Jennifer and Lippert, Christoph and Kang, Eun Yong and Xiang Jing and Kadie, Carl M. and Heckerman, David},
    year = {2013},
    journal={Bioinformatics},
    publisher={Oxford Univ press}
}

@PhdThesis{lippert2013thesis,
           title = "{Linear mixed models for genome-wide association studies}",
          author = "{Christoph Lippert}",
          school = "{Eberhard Karls Universit{\"{a}}t, T{\"{u}}bingen}",
            year = "{2013}",
}

@article{harville1974bayesian,
  title={Bayesian inference for variance components using only error contrasts},
  author={Harville, David A},
  journal={Biometrika},
  volume={61},
  number={2},
  pages={383--385},
  year={1974},
  publisher={Biometrika Trust}
}

@article{reml1971,
  title={Recovery of inter-block information when block sizes are unequal},
  author={Patterson, H Desmond and Thompson, Robin},
  journal={Biometrika},
  volume={58},
  number={3},
  pages={545--554},
  year={1971},
  publisher={Biometrika Trust}
}

@book{rasmussen2006,
	author =    "Carl Edward Rasmussen and Chris Williams",
	title =     "Gaussian Processes for Machine Learning",
	publisher = "MIT Press",
	year =      "2006",
}

@article{lippert2011fast,
  title={{F}a{S}{T} linear mixed models for genome-wide association studies},
  author={Lippert, Christoph and Listgarten, Jennifer and Liu, Ying and Kadie, Carl M and Davidson, Robert I and Heckerman, David},
  journal={Nature Methods},
  volume={8},
  number={10},
  pages={833--835},
  year={2011},
  publisher={Nature Publishing Group}
}

@article{wu2011rare,
  title={Rare-variant association testing for sequencing data with the sequence kernel association test},
  author={Wu, Michael C and Lee, Seunggeun and Cai, Tianxi and Li, Yun and Boehnke, Michael and Lin, Xihong},
  journal={The American Journal of Human Genetics},
  volume={89},
  number={1},
  pages={82--93},
  year={2011},
  publisher={Elsevier}
}


%%%specifics for this project %%%%
ticle{bloom2013finding,
  title={Finding the sources of missing heritability in a yeast cross},
  author={Bloom, Joshua S and Ehrenreich, Ian M and Loo, Wesley T and Lite, Th{\'u}y-Lan V{\~o} and Kruglyak, Leonid},
  journal={Nature},
  volume={494},
  number={7436},
  pages={234--237},
  year={2013},
  publisher={Nature Publishing Group}
}

@article{smith2008gene,
  title={Gene--environment interaction in yeast gene expression},
  author={Smith, Erin N and Kruglyak, Leonid},
  journal={PLoS biology},
  volume={6},
  number={4},
  pages={e83},
  year={2008},
  publisher={Public Library of Science}
}

@article{zhu2012stitching,
  title={Stitching together multiple data dimensions reveals interacting metabolomic and transcriptomic networks that modulate cell regulation},
  author={Zhu, Jun and Sova, Pavel and Xu, Qiuwei and Dombek, Kenneth M and Xu, Ethan Y and Vu, Heather and Tu, Zhidong and Brem, Rachel B and Bumgarner, Roger E and Schadt, Eric E},
  journal={PLoS biology},
  volume={10},
  number={4},
  pages={e1001301},
  year={2012},
  publisher={Public Library of Science}
}
